%%%%%%%%%%%%%%% Cray begin %%%%%%%%%%%%%%%%%%%%%%%

@Misc{ LLM,
  author	= "{Cray Inc.}",
  publisher	= "{Cray Inc.}",
 title = "{intro\_LLM man page}",
 online="yes",
 note = "(Accessed 9.Jan.14)"

}

@Misc{ SEC,
  author	= "{Cray Inc.}",
  publisher	= "{Cray Inc.}",
 title = "{SEC man page}",
 online="yes",
 note = "(Accessed 14.May.18)"

}

@Misc{ xtmemio,
  author	= "{Cray Inc.}",
  publisher	= "{Cray Inc.}",
 title = "{xtmemio man page}",
 online="yes",
 note = "(Accessed 2018)"
}

@Misc{ craysedc,
  title="{U}sing and {C}onfiguring {S}ystem {E}nvironment {D}ata {C}ollections ({SEDC})",
  howpublished  = "{C}ray {D}oc {S-2491-7001}",
  author	= "{Cray Inc.}",
  publisher	= "{Cray Inc.}",
  year=2012
}
%%  online	= "yes",
%%  url="http://docs.cray.com/books/S-2491-7001/S-2491-7001.pdf",


@Misc{ PMDB,
  title		= "{M}onitoring and {M}anaging {P}ower {C}onsumption on the
		  the {C}ray {XC}30 {S}ystem",
  author	= "{Cray Inc.}",
  publisher	= "{Cray Inc.}",
  howpublished	= "Cray Doc S-0043-7003",
  year		= 2013
}

@Misc{ XCAdmin,
  title		= "{XC} {S}eries {S}ystem {A}dministration {G}uide ({CLE} 6.0{UP}06)",
  author	= "{Cray Inc.}",
  publisher	= "{Cray Inc.}",
  howpublished	= "Cray Doc S-2393 Rev A",
  month         = "March",
  year		= 2018
}

@Misc{ capmc,
  title		= "{CAPMC} {API} {D}ocumentation",
  author	= "{Cray Inc.}",
  publisher	= "{Cray Inc.}",
  howpublished	= "Cray Doc S-2553-10 Rev 1.0",
  year		= 2015
}

@misc{EXT_PMDB,
  title = {{Cray S-0043: Create a Remote Power Management Database}},
  author	= "{Cray Inc.}",
  publisher	= "{Cray Inc.}",
  url = "https://pubs.cray.com/content/S-0043/CLE\%206.0.UP06/xctm-series-power-management-and-sedc-administration-guide/create-a-remote-power-management-database#C320909",
  note = "(Accessed 6.April.18)"
}

@Misc{		  corespec,
  title		= "{W}orkload {M}anagement and {A}pplication {P}lacement for
		  the {C}ray {L}inux {E}nvironment",
  author	= "{Cray Inc.}",
  publisher	= "{Cray Inc.}",
  howpublished	= "Cray Doc S-2496-31",
  year		= 2010
}

%%%%%%%%%%%%% Cray network begin  %%%%%%%%%%%%%%%%%%

@Misc{craygpcd,
  title		= "{C}ray {L}inux {E}nvironment ({CLE}) 4.0 {S}oftware
		  {R}elease",
  author	= "{Cray Inc.}",
  publisher	= "{Cray Inc.}",
  howpublished	= "Cray Doc S-2425-40",
  year		= 2010
}

@Misc{craygpcdr,
  title         = "{M}anaging {S}ystem {S}oftware for the {C}ray {L}inux {E}nvironment",
  howpublished  = "Cray Doc S-2393-5202axx",
  author        = "{Cray Inc.}",
  publisher	= "{Cray Inc.}",
  year          = 2014
}

@Misc{		  craymmr,
  title		= "{U}sing the {C}ray {G}emini {H}ardware {C}ounters",
  author	= "{Cray Inc.}",
  howpublished	= "Cray Doc S-0025-10",
  year		= 2010
}

@Misc {          ariescounters,
title           = "{A}ries {H}ardware {C}ounters",
  author        = "{Cray Inc.}",
  publisher	= "{Cray Inc.}",
  howpublished  = "Cray Doc S-0045-20",
  year          = 2015
}

@Misc {          ariesresiliency,
title           = "{CLE} {XC} {S}ystem {N}etwork {R}esiliency {G}uide",
  author        = "{Cray Inc.}",
  publisher	= "{Cray Inc.}",
  howpublished  = "Cray Doc S-0041-E",
  year          = 2015
}

@Misc {         crayariespdf,
title           = "{C}ray {XC} {S}eries {N}etwork",
author          = "Alverson, B. and Froese, E. and Kaplan, L. and Roweth, D.",
howpublished    = "WP-Aries01-1112",
url             = "http://www.cray.com/sites/default/files/resources/CrayXCNetwork.pdf",
year            = "2012"
}

@Misc{		  craypat,
  title		= "{U}sing {C}ray {P}erformance {A}nalysis {T}ools",
  author	= "{Cray Inc.}",
  publisher	= "{Cray Inc.}",
  year		= 2011
}

@Misc{            craypat2015,
  title         = "{P}erformance {M}easurement and {A}nalysis {T}ools",
  author        = "{Cray Inc.}",
  howpublished  = "Cray Doc  S-2376-63",
  year          = 2015
}


@Misc{		  crayptag,
  title		= "{U}sing the {GNI} and {DMAPP} {API}s",
  author	= "{Cray Inc.}",
  publisher     = "Cray Inc.",
  howpublished	= "Cray Doc S-2446-4003",
  year		= 2012
}


% Can also use this for ptag....
%% Misc{		  crayptag,
%%  title		= "{W}orkload {M}anagement and {A}pplication {P}lacement for
%%		  the {C}ray {L}inux {E}nvironment",
%%  author	= "{Cray Inc.}",
%%  howpublished	= "Cray Doc S-2496-4101",
%%  year		= 2012
%%}


@Misc{ CrayGemini,
  title         = "{T}he {G}emini {N}etwork",
  online        = "yes",
  url           = "http://wiki.ci.uchicago.edu/pub/Beagle/SystemSpecs/Gemini_whitepaper.pdf",
  month         = "Aug",
  year          = 2010
}

@inproceedings{ alversonGemini,
  author="Alverson, R. and Roweth, D. and Kaplan, L.",
  title="{T}he {G}emini {S}ystem {I}nterconnect",
  booktitle={Proc. 2010 IEEE 18th Annual Symposium on High Performance Interconnects (HOTI)},
  year=2010
}

%% SHORTEN THE ONE BELOW
%% isbn = {978-1-4673-0804-5},
%% location = {Salt Lake City, Utah},
%% pages = {103:1--103:9},
%% articleno = {103},
%% numpages = {9},
%% url = {http://dl.acm.org/citation.cfm?id=2388996.2389136},
%% acmid = {2389136},
%% publisher = {IEEE Computer Society Press},
%% address = {Los Alamitos, CA, USA},
%% keywords = {interconnect technologies, parallel and scalable system architectures, performance evaluation and measurement of real systems},
%% series = {SC '12},
%% author = {Faanes, Greg and Bataineh, Abdulla and Roweth, Duncan and Court, Tom and Froese, Edwin and Alverson, Bob and Johnson, Tim and Kopnick, Joe and Higgins, Mike and Reinhard, James},
@inproceedings{Faanes,
 author = {Greg Faanes and others},
 title = "{Cray Cascade: A Scalable HPC System Based on a Dragonfly Network}",
 booktitle = {Proc. Int'l Conf. on High Performance Computing, Networking, Storage and Analysis (SC)},
 year = {2012}
}


%% SHORTEN
%%  url = {http://doi.acm.org/10.1145/1394608.1382129},
%% author = {Kim, John and Dally, Wiliam J. and Scott, Steve and Abts, Dennis},
@article{Kim08,
 author = {John Kim and others},
 title = {Technology-Driven, Highly-Scalable Dragonfly Topology},
 journal = {SIGARCH Comput. Archit. News},
 issue_date = {June 2008},
 volume = {36},
 number = {3},
 month = jun,
 year = {2008},
 issn = {0163-5964},
 pages = {77--88},
 numpages = {12},
 doi = {10.1145/1394608.1382129},
 acmid = {1382129},
 publisher = {ACM},
 address = {New York, NY, USA},
 keywords = {interconnection networks, topology, dragonfly},
}

%%%%%%%%%%%%% Cray network end %%%%%%%%%%%%%%%%%%
%%%%%%%%%%%%%%% Cray end %%%%%%%%%%%%%%%%%%%%%%%

@InProceedings{CUG2016BoF,
  author = "Showerman, M. and Gentile, A. and Brandt, J.",
  title = "{A}ddressing the {C}hallenges of {S}ystems {M}onitoring {D}ata {F}lows ({BoF})",
  booktitle={Proc. Cray Users Group},
  year={2016}
}

@article{Baler,
year={2011},
issn={1865-2034},
journal={Computer Science - Research and Development},
volume={26},
number={3-4},
doi={10.1007/s00450-011-0155-3},
title={Baler: deterministic, lossless log message clustering tool},
publisher={Springer-Verlag},
keywords={Text mining; Text clustering; Log file analysis; System log analysis},
author={Taerat, Narate and Brandt, Jim and Gentile, Ann and Wong, Matthew and Leangsuksun, Chokchai},
pages={285-295},
language={English}
}

@InProceedings{TrinityCUG2015,
  author="Brandt, J. and DeBonis, D. and Gentile, A. and Lujan, J. and Martin, C. and Martinez, D. and Olivier, S. and Pedretti, K. and Taerat, N. and Velarde, R.",
  title="{E}nabling {A}dvanced {O}perational {A}nalysis {T}hrough {M}ulti-{S}ubsystem {D}ata {I}ntegration on {T}rinity",
  booktitle     = "{P}roc. {C}ray {U}ser's {G}roup",
  year=2015
}

@InProceedings{NewSystemsHPCMASPA2015,
  title="{N}ew {S}ystems, {N}ew {B}ehaviors, {N}ew {P}atterns: {M}onitoring {I}nsights from {S}ystem {S}tandup",
  author="Brandt, J. and Gentile, A. and Martin, C. and Repik, J. and Taerat, N.",
  booktitle="{Wrk. on Monitoring and Analysis for High Performance Computing Systems Plus Applications (HPCMASPA) Proc. IEEE Int'l Conf. on Cluster Computing (CLUSTER)}",
  year = 2015
}

%  author = "Brandt, J. and others",
@InProceedings{Brandt_CUG2016,
  author = "Brandt, J. and Froese, E. and Gentile, A. and Kaplan, L. and Allan, B. and Walsh, E.",
  title = "{N}etwork {P}erformance {C}ounter {M}onitoring and {A}nalysis on the {C}ray {XC} {P}latform",
  booktitle={Proc. Cray Users Group},
  year={2016}
}

@InProceedings{CieloFICUG2017,
title = "{D}ata-{D}riven {U}nderstanding of {F}ault {S}cenarios and {I}mpacts {T}hrough {F}ault {I}njection: {E}xperimental {C}ampaign in {C}ielo",
author = "Formicola, V. and Jha, S. and Deng, F. and Chen, D. and Bonnie, A. and Mason, M. and Brandt, J. and Gentile, A. and Kaplan, L. and Repik, J. and Enos, J. and Showerman, M. and Greiner, A. and Kalbarczyk, Z. and Iyer, R. and Kramer, W.",
  booktitle = "{Proc. Cray User's Group}",
  year={2017}
}

@InProceedings{MonitoringCUG2017,
title = "{R}untime {C}ollection and {A}nalysis of {S}ystem {M}etrics for {P}roduction {M}onitoring of {T}rinity {P}hase {II}",
author = "DeConinck, A. and Nam, H. and Morton, D. and Bonnie, A. and C. Lueninghoener (LANL) and Brandt, J. and Gentile, A. and Pedretti, K. and Agelastos, A. and Vaughan\
, C. and Hammond, S, and Allan, B. and Davis, M. and Repik, J.",
  booktitle = "{Proc. Cray User's Group}",
  year={2017}
}

@ARTICLE{DataProtection,
 title="{R}egulation ({EU}) 2016/679 of the {E}uropean {P}arliament and of the {C}ouncil of 27 {A}pril 2016 on the protection of natural persons with regard to the processing of personal data and on the free movement of such data, and repealing {D}irective 95/46/{EC} ({G}eneral {D}ata {P}rotection {R}egulation)",
 journal={Official Journal L.},
 year={2016},
 volume={119},
 number={1},
 }

@InProceedings{LogDiver,
 author="Martino, C. and Jha, S. and Kramer, W. and Kalbarczyk, Z. and Iyer, R.",
 title = "{L}ogdiver: {A} tool for measuring resilience of extreme-scale systems and applications",
 booktitle = "{Proc. of the 5th Workshop on Fault Tolerance for HPC at eXtreme Scale}",
 year = {2015}
}


%%%%%%%%%%%%%%%% URLS begin %%%%%%%%%%%%%%%%%%%%%%%%%%%

%%  author	= "{HMDR} {P}roject",
@Misc{ HMDRweb,
  publisher	= "{HMDR} {P}roject",
  online	= "yes",
  title = "{T}he {HMDR} {P}roject: {H}olistic {M}easurement-{D}riven {R}esilience",
  url="http://portal.nersc.gov/project/m888/resilience/",
  note = "(Accessed 2018)"
}

@Misc{ Mutrino3mo,
  author = "Brandt, J. and Gentile, A. and Repik, J.",
  title = "{M}utrino {D}ataset 2/15 - 5/15",
  publisher = "Sandia National Laboratories, SAND 2016­2449 O.",
  year = "2016",
  online = "yes",
  url = "http://portal.nersc.gov/project/m888/resilience/datasets/mutrino/logs.051715.cr.tgz",
}

%%%%%%%%%%%%%%%% URLS end %%%%%%%%%%%%%%%%%%%%%%%%%%%


